<record><leader>00000cas a22000007a 4500</leader><controlfield tag="001">51053143</controlfield><controlfield tag="008">021122c20029999couwr ne      0   a0eng c</controlfield><controlfield tag="009">467</controlfield><datafield ind1=" " ind2=" " tag="010"><subfield code="a">  2002213069</subfield></datafield><datafield ind1=" " ind2=" " tag="040"><subfield code="a">NSD</subfield><subfield code="b">eng</subfield><subfield code="c">NSD</subfield><subfield code="d">OCLCQ</subfield><subfield code="d">DLC</subfield></datafield><datafield ind1=" " ind2=" " tag="012"><subfield code="l">y</subfield><subfield code="m">1</subfield></datafield><datafield ind1="0" ind2=" " tag="022"><subfield code="a">1542-5797</subfield><subfield code="l">1542-5797</subfield><subfield code="y">0898-1701</subfield><subfield code="2">1</subfield></datafield><datafield ind1="1" ind2=" " tag="029"><subfield code="a">AU@</subfield><subfield code="b">000024225577</subfield></datafield><datafield ind1=" " ind2=" " tag="032"><subfield code="a">241760</subfield><subfield code="b">USPS</subfield></datafield><datafield ind1=" " ind2=" " tag="037"><subfield code="b">314 Federal Blvd., Denver CO 80219</subfield><subfield code="c">$35.00</subfield></datafield><datafield ind1=" " ind2=" " tag="042"><subfield code="a">nsdp</subfield><subfield code="a">msc</subfield></datafield><datafield ind1="1" ind2="0" tag="050"><subfield code="a">ISSN RECORD</subfield></datafield><datafield ind1="1" ind2="0" tag="082"><subfield code="a">070.5</subfield><subfield code="2">14</subfield></datafield><datafield ind1=" " ind2="0" tag="222"><subfield code="a">Denver herald dispatch &amp; Sheridan sun</subfield></datafield><datafield ind1="0" ind2="0" tag="245"><subfield code="a">Denver herald dispatch &amp; Sheridan sun.</subfield></datafield><datafield ind1="3" ind2=" " tag="246"><subfield code="a">Denver herald dispatch and Sheridan sun</subfield></datafield><datafield ind1="1" ind2=" " tag="246"><subfield code="i">Issues for v. 90, no.16 (Apr. 14, 2011) have title:</subfield><subfield code="a">Denver herald dispatch</subfield></datafield><datafield ind1=" " ind2=" " tag="260"><subfield code="a">Denver, CO :</subfield><subfield code="b">Herold-Dispatch</subfield></datafield><datafield ind1=" " ind2=" " tag="300"><subfield code="a">v.</subfield></datafield><datafield ind1=" " ind2=" " tag="310"><subfield code="a">Weekly</subfield></datafield><datafield ind1=" " ind2=" " tag="588"><subfield code="a">Description based on surrogate of: Vol. 77, no. 46 (Nov. 14, 2002).</subfield></datafield><datafield ind1=" " ind2=" " tag="588"><subfield code="a">Latest issue consulted: Vol. 90, no.16 (Apr. 14, 2011); title from surrogate of caption.</subfield></datafield><datafield ind1=" " ind2=" " tag="752"><subfield code="a">United States</subfield><subfield code="b">Colorado</subfield><subfield code="c">Denver</subfield><subfield code="d">Denver.</subfield></datafield><datafield ind1=" " ind2=" " tag="752"><subfield code="a">United States</subfield><subfield code="b">Colorado</subfield><subfield code="d">Sheridan.</subfield></datafield><datafield ind1="0" ind2="0" tag="780"><subfield code="t">Denver herald-dispatch</subfield><subfield code="w">(OCoLC)34655821</subfield></datafield></record>